@String{NC= "Il Nuovo Cimento A"}
@String{LNC= "Lettere al Nuovo Cimento"}
@String{NP= "Nuclear Physics B"}
@String{PL= "Physics Letters B"}
@String{PR= "Physical Review"}
@String{PRD= "Physical Review D"}
@String{RMP= "Reviwes of Modern Physics"}
@String{PRSL= "Proceedings of the Royal Socciety of London A"}
@string{CQG= "Classical and Quantum Gravity"}
@string{JMP= "Journal of Mathematical Physics"}
@string{AOP= "Annals of Physics"}
@string{CMP= "Communications in Mathematical Physics"}



@Article{Cas76b,
 author = "Ricardo Casalbuoni",
 title = "The classical mechanics for Bose-Fermi systems",
 journal = NC,
 volume = "33",
 number = "3",
 pages ="389--431",
 year = "1976",
}
@Article{Cas76a,
author = "Ricardo Casalbuoni",
title= "On the quantization of systems with anticommuting variables",
journal = NC,
volume = 33,
number = 1,
pages = "115--125",
year = 1976
}

@Article{NewWig49,
author = "T.D. Newton, E. P. Wigner",
title = "Localized states for elementary systems",
journal = RMP,
volume = "21",
number = "3",
pages = "400-406",
year = "1949"
}
@Article{Pry48,
author = "M.H.L. Pryce",
title = "The mass-centre in the restrictd theory of relativity and its connexion with the quantum theory of elementary particles",
journal = PRSL,
volume = "195",
pages = "62--81",
year = "1948"
}
@Article{Oku84,
author = "Susumu Okubo",
title = "Structure of superspac in supersymmetry",
journal = PRD,
volume = "29",
number = "2",
pages= "169--284",
year = "1984"
}
@Article{RitSok81,
author = "V. Rittenberg, E. Sokatchev",
title = "Decomposition of extended superfields into irreducible representations of supersymmetry",
journal = NP,
volume = "193",
pages = "477-501",
year = "1981"
}
@Book{GatGriRoeSie,
author = "S.J. Gates and M.T. Grisaru  and M. Rocek and W. Siegel",
title = "One thousand and one lesons in supersymmetry",
publisher = "",
year = 1983,
note = ""
}
@Article{GatSie81,
author = "S.J. Gates and Warren Siegel",
title = "Superprojectors",
journal = "",
volume = "",
year = 1981
}
@Book{WesBag82,
author = "J. Wess and Bagger",
title = "Supersymmetry and supergravity",
publisher = "Princeton series in Physics",
year= "1982"
}
@Book{Sch85,
author = "J. Schwarz",
title = "Superstrings. The first 15 years of superstring theory",
volume = 1,
publisher = "World Scientific",
year = 1985
} 
@Article{Sok75,
author = "E. Sokatchev",
title = "Proyection operators and supplementary conditions for superfiels ith arbitrary spin",
journal = NP,
volume = "99",
pages = "96--108",
year = "1975"
}
@Article{SalStr74a,
author = "A. Salam and J. Strathdee",
title = "On superfields and Fermi-Bose symmetry"
}
@Article{Sie83,
author = "W. Siegel",
title = "Hidden local supersymmetry in the supersymmetric particle action",
journal = PL,
volume = "128",
page = "391",
year = "1983",
}
@Article{GreSch84,
author = "M.B. Green and J.H. Schwarz",
title = "Covariant description of superstrings",
journal = PL,
volume = "136",
pages = "367--370",
year = "1984",
note = "Reimpreso en \cite{Sch85}"
}
@Article{HanReg74,
author = "A.J. Hanson and T. Regge",
title = "The relativistic spherical top",
journal = " "#AP,
volume = "87",
pages = "498--566",
year = "1974"
}
@Inproceedings{Lus83,
author= "L. Lusana",
title = "Relativistic mechanics with constraints and pseudoclassical models of supersymmetry",
booktitle ="Supersymetry and supergravity 1983, Proceedings of the XIXth Winter School and Wokshop of theoretical Physics",
publisher = "World Scientific",
adress= "Poland 14-26 Feb. ",
year = "1983"
}
@Article{Fry84,
author = "A. Frydryszak",
title= "$N$-extended free superfields ($N=2,4,6,8$) from quantization of a supersymmetric particle model",
journal = PRD,
volume ="30",
number = "10",
pages = "2172--2180",
year = "1984"
}

@Article{FryLuk82,
author = "Andrzej Frydryszak and Jerzy Lukierski",
title= "$N=2$ massive matter multiplet from quantization of extended clasical mechanics",
journal = PL,
volume = 51,
pages = "51",
year = 1982
}
@Unpublished{HatResSte,
author= "N.Hatcher and A. Restuccia and J. Stephany",
title = "On the quatum mechanics of a supermembrane wrapped on a two circle and the $KKB$ superparticle",
note= "hep-th-051235"
}

@Article{Tay80,
author = "J. G. Taylor",
title= "On representations of extended supersymmetry algebras on superfields",
journal = NP,
volume = 169,
pages = "484--500",
year = 1980
}

@Article{Soh78,
author = "Martin F. Sohnius",
title= "Bianchi identities for supersymmetric gauge theories",
journal = NP,
volume = 136,
pages = "461--474",
year = 1978
}
@Article{Soh78a,
author = "Martin F. Sohnius",
title= "Supersymmetry and central charges",
journal = NP,
volume = 138,
pages = "109--121",
year = 1978
}

@Article{BudTra89,
author = "Paolo Budinich and Andrej Trutman",
title= "Fock space description of pure spinors",
journal = JPM,
volume = 30,
number = 9,
pages = "2125--2131",
year = 1989
}

@Article{Nil86,
author = "Bengt E. W. Nilsson",
title= "Pure spinors as auxiliary fields in the ten dimensional supersymmetric Yang-Mills theory",
journal = CQG,
volume = 3,
pages = "L41--L45",
year = 1986
}

@Unpublished{Nil81,
author = "Bengt E. W. Nilsson",
title = "Off-shell fields for the 10-dimensional supersymmetric Yang-Mills theory",
month = feb,
note = "Göteborg Preprint, 81-6",
}
@Article{Nil80,
author = "Bengt E. W. Nilsson",
title= "Superspace action for a 6-dimensional non-extended supersymmetric Yang-Mills theory",
journal = NP,
volume =174,
pages = "335--344",
year = 1980
}
@Article{HowSieTow83,
author = "Paul S. Howe and German Sierra and P.K. Townsend",
title= "Supersymmetry in six dimensions",
journal = NP,
volume = 221,
pages = "331--348",
year = 1983
}

@Article{Kol83,
author = "Jeff Koller",
title= "A six-dimensional superspace aproach to extebded superfields",
journal = NP,
volume = 222,
pages = "319--337",
year = 1983
}
@Article{How91,
author = "Paul S. Howe",
title= "Pure spinor lines in superspace and ten-dimensional supersymmetric theories",
journal = PL,
volume = 258,
number = "1,2",
pages = "141--144", 
year = 1991,
note = "Addendum: "#PL #"Vol 259, N 4, p. 511 (1991)"
}
@Article{How91a,
author = "Paul S. Howe",
title= "Pure spinors, function superspaces and supergravity theories in ten and eleven dimensions",
journal = PL,
volume = 273,
number = "1,2",
pages = "90--94",
year = 1991
}

@Article{Ber91,
author = "Nathan Berkovits",
title= "A supertwistor description of the massless superparticle in ten-dimensional superspace",
journal = NP,
volume = 350,
pages = "193--200",
year = 1991
}

@Article{BerMar77,
author = "F.A. Berezin and M.S. Marinov",
title= "Particle spin dynamics and Grassmann variant of classical mechanics",
journal = AOP,
volume = 104,
pages = "336--362",
year = 1977
}

@Article{HowPenEA88,
author = "Paul S. Howe and Silvia Penati and Mario Pernici and Paul Townsend",
title= "Wave equations for arbitrary spin from quatization of the extended supersymmetric spinning particle",
journal =PL,
volume =215,
number = 3,
pages = "555-558",
year = 1988
}

@Article{Sal78,
author = "Per Salomonson",
title= "Supersymmetric actions for spinning particles",
journal = PRD,
volume = 18,
number = 6,
pages = "1868--1880",
year = 1978
}
@Article{HowSteTow83,
author = "Paul S. Howe and K. S. Stelle and P.K. Townsend",
title= "The relaxed hypermultiplet: an unconstrained $N=2$ superfield theory",
journal = NP,
volume = 214,
pages = "519--531",
year = 1983
}

@Article{HowSteTow81,
author = "Paul S. Howe and K. S. Stelle and P.K. Townsend",
title= "Superactions",
journal = NP,
volume = 191,
pages = "445--464",
year = 1981
}



@Article{GriWesZum79,
author = "R. Grimm and Julius Wess and Bruno Zumino",
title= "A complete solution of the Bianchi indentities in superspac with supergravity constraints",
journal =NP,
volume = 152,
pages = "255--265",
year = 1979
}
@Article{GriSohWes78,
author = "R. Grimm and Martin F. Sohnius and Lulius Wess",
title= "Extended supersymmetry and gauge theories",
journal = NP,
volume =133,
pages = "275--284",
year = 1978
}

@Article{Lot90,
author = "John Lott",
title= "Torsion constraints in supergometry",
journal = CMP,
volume = 133,
pages = "563--615",
year = 1990
}

@Article{GatSteWes80,
author = "S. James Gates, Jr. and K.S. Stelle and P.C. West",
title= "Algebraic origins of superspac constraints in supergravity",
journal = NP,
volume = 169,
pages = "347--364",
year = 19
}

@Article{BriSch81,
author = "Lars Brink and  John H. Schwarz",
title= "Quantum superspace",
journal = PL,
volume = 100,
number = 4,
pages = "310--312",
year = 1981
}

@Article{ATiBotSap64,
author = "Michael F. Atitah and Raoult Bott and Arnold Shapiro ",
title= "Clifford Modules",
journal = "Topology",
volume = 3,
number = "Suppl. 1",
pages = "3--38",
year = 1964
}

@Article{NewPen66,
author = "E. T. Newman and Roger Penrose",
title= "Note on the Bondi-Metznr-Sachs group",
journal =JMP,
volume = 7,
number = 5,
pages = "863--870",
year = 1966
}
@Article{GolMacEA67,
author = "J.N. Goldberg and A. J. Macfarlane and E.T. Newman and F. Rohrlich and E.C.G. Sudarshan",
title= "Spin-s Spherical Harmonics and $\edth$",
journal = JMP,
volume = 8,
number = 11,
pages = "2155--2161",
year = 1967
}
@Article{EasTod82,
author = "Michael Eastwood and Paul Tod",
title = "Edth- a diferential operator on th sphere",
journal = "Math. Proc. Camb. Phil. Soc.",
volume = 92,
pages = "317--330",
year = 1982
}
@Article{Woo75,
author = "G. Woo",
title= "Scalar superfield dynamics from the Arnowitt-Nath supergeometry",
journal = LNC,
volume = 13,
number = 14,
pages = "546--550",
year = 1975
}
@Article{Kac77,
author = "V. G. Kac",
title = "A sketch of Lie superalgebra theory",
journal = CMP,
volume = 53,
pages = "31--64",
year = 1977
}

@Article{SchNahRit76I,
author = "M. Scheunert and W. Nahm and V. Rittnberg",
title = "Classification of all simple graded Lie algebras whose Lie algebra is reductive. I",
journal = JMP,
volume = 17,
number = 9,
pages = "1626--1639",
year = 1976
}

@Article{SchNahRit76II,
author = "M. Scheunert and W. Nahm and V. Rittnberg",
title = "Classification of all simple graded Lie algebras whose Lie algebra is reductive. II. Construction of the exceptional algebras.",
journal = JMP,
volume = 17,
number = 9,
pages = "1640--1644",
year = 1976
}

@Article{FurRac85,
author = "P. Furlan and R. Raczka",
title = "Nonlinear represntations",
journal = JMP,
volume = 26,
number = 12,
pages = "3021--3032",
year = 1985
}


@Article{ArnNat76,
author = "R. Arnowitt and Pran Nath",
title= "Supergravity and Gauge supersymetry",
journal = PL,
volume = 65,
number = 1,
pages = "76--77",
year = 1976
}

@Article{ArnNatZum75,
author = "R. Arnowitt and Pran Nath and Bruno Zumino",
title= "Superfield densities and action principle in curved superspace",
journal = PL,
volume = 56,
number = 1,
pages = "81--84",
year = 1975
}

@Article{ArnNat75,
author = "R. Arnowitt and Pran Nath",
title= "Generalized super-gauge symmetry as a new framework for unified gauge theories",
journal = PL,
volume = 56,
number = 2,
pages = "177--180",
year = 1975
}


@Article{AkuVolSor76,
author = "V. P. Akulov and D. V. Volkov and V. A. Soroka",
title= "Gauge fiels on superspaces with diferent holonomy groups",
journal = "JETP Lett",
volume = 22,
number = 7,
pages = "187--188",
year = 1976,
note = "Pis'ma Zh. Eksp. Teor. fiz. Vol. 22, N 7, 396-399 (1975)"
}

@Article{DesZum76,
author = "Stanley Desser and Bruno Zumino",
title= "Consistent supergravity",
journal = PL,
volume = 62,
number = 3,
pages = "335--337",
year = 19
}

@Article{FerFreNie76,
author = "Sergio Ferrara and Daniel Z. Freedman and Peter van Nieuwenhuizen",
title= "Progress toward a theory of supergravity",
journal = PRD,
volume = 13,
number = 12,
pages = "3214--3218",
year = 1976
}

@Article{WesZum77,
author = "Julius Wess and Bruno Zumino",
title= "Superspace formulation of supergravity",
journal = PL,
volume = 66,
number = 4,
pages = "361--364",
year = 1977
}

@Article{FerNie78,
author = "Segio Ferrara and Peter van Nieuwenhuizen",
title= "The auxiliary fields of supergravity",
journal = PL,
volume = 74,
number = 4 #","# 5,
pages = "333--335",
year = 1978
}

@Article{SteWes78,
author = "K.S. Stelle and P.C. West",
title= "Minimal auxiliary fields for supergravity",
journal = PL,
volume = 74,
number = 4 #","# 5,
pages = "330--332",
year = 1978
}

@Article{BerRooEA82,
author = "E. Bergshoeff and M de Roo and B. de Wit and Peter van Nieuwenhuizen",
title= "Ten-dimensional Maxwell-Einstein supergravity, its currents, and the issue of its auxiliary fields",
journal = NP,
volume = 195,
pages = "97--136",
year = 1982
}


@Article{SieRoc81,
author = "Warren Siegel and M. Rocek",
title= "On off-shell supermultiplets",
journal = PL,
volume = 105,
number = 4,
pages = "275--277",
year = 1981
}

@Article{RivTay83,
author = "V. O. Rivelles and J. G. Taylor",
title= "Off-shell no-go theorems for higher dimensional supersymmetries and supergravities",
journal = PL,
volume = 121,
number = 1,
pages = "37--42",
year = 1983
}


@Article{HowSteWes85,
author = "Paul S. Howe and K. S. Stelle and P.C. West",
title= "$N=1$, $d=6$ harmonic superspace",
journal = CQG,
volume = 2,
pages = "815--821",
year = 1985
}

@Book{GalIvaEA01,
author = "A.S. Galperin and E.A. Ivanov and V.I. Ogievetsky and E.S. Sokatchev",
title = "Harmonic superspace",
series = "Cambridge monographs on mathematical physics",
publisher = "CAMBRIDGE UNIVERSITY PRESS",
year = 2001
}


@Article{CreJulSch78,
author = "E. Cremer and B. Julia and joel Scherk",
title= "Supergravity in 11 dimnsions",
journal = PL,
volume = 76,
number = 4,
pages = "409--412",
year = 1978
}

@Article{BerSezTow88,
author = "E. Bergshoeff and E. Sezgin and P.K. Townsend",
title= "Properties of the eleven dimensional supermembrane theory",
journal = AOP,
volume = 185,
pages = "330--368",
year = 1988
}


@Article{BerSezTow87,
author = "E. Bergshoeff and E. Sezgin and P.K. Townsend",
title= "Supermembranes and eleven-dimensional supergravity",
journal = PL,
volume = 189,
number= 1#","# 2,
pages = "75--78",
year = 1987
}


Twistors

@Article{DelGalEA93,
author = "F. Deluc and  A. Galpering, Paul Howe and E. Sokatchev",
title= "Twistor formulation of the heterotic$D=10$ superstring with manifest $(8,0)$ world-sheet supersymmetry",
journal = PRD,
volume = 47,
number = 2,
pages = "578--592",
year = 1993
}

@Book{Wei00III,
author = "Steven Weinberg",
title = "The quatum theory of fields. Volume II: supersymmetry",
publisher = "Cambridge University Press",
year = "2000"
}

@Book{DeW98,
author = "Bryce DeWitt",
title = "Supermanifolds",
publisher = "Collaege Prees, University of Beijing",
series = "Selectec monographies",
volume = 4,
edition = "second",
year = 1998
}

@Article{HaaLopSoh75,
author = "R. Haag and J. Lopuszanski and Martin Sohnius",
title = "All supersymmetries of the $S$-Matrix",
journal = NP,
volume = 88,
pages = "257",
year = 1975
}
@Book{Fre86,
author= "Peter G. O. Freund",
title = "Introduction to supersymmetry",
publisher = "Cambridge University Press",
year = 1986
}


@Article{Wit86,
author = "Edward Witten",
title= "Twistor-like transform in ten dimensions",
journal = NP,
volume = 266,
pages = "245--264",
year = 1986
}

@Unpublished{BerNek05,
     author    = "Nathan Berkovits and Nikita Nekrasov",
     title     = "The character of pure spinors",
     year      = "2005",
     moth = mar,
     note    = "hep-th/0503075",
     SLACcitation  = "%%CITATION = HEP-TH 0503075;%%"
}


@Article{Ber01,
     author    = "Nathan Berkovits",
     title     = "Covariant quantization of the superparticle using pure
                  spinors",
     journal   = "JHEP",
     volume    = "09",
     year      = "2001",
     pages     = "16",
     notes    = "hep-th/0105050",
     SLACcitation  = "%%CITATION = HEP-TH 0105050;%%"
}


@Unpublished{Ber02,
     author    = "Nathan Berkovits",
     title     = "ICTP lectures on covariant quantization of the
                  superstring",
     year      = "2002",
     note    = "hep-th/0209059",
     SLACcitation  = "%%CITATION = HEP-TH 0209059;%%"
}


@Article{Ber02a,
     author    = "Nathan Berkovits",
     title     = "Covariant quantization of the supermembrane",
     journal   = "JHEP",
     volume    = "09",
     year      = "2002",
     pages     = "51",
     note    = "hep-th/0201151",
     SLACcitation  = "%%CITATION = HEP-TH 0201151;%%"
}

@Book{PenRin86,
    author = "Roger Penrose and Wolfgang Rindler",
    title = "Spinors and Space-Time. Volume 2",
    publisher = "Cambridge University Press",
    year = 1986
}

@Book{Car38,
 author= "E. Cartan",
 title = "Lecons sur la thèorie des spineurs",
 publisher = "Hermann et Cia",
 year =1938
}

@Book{Che56,
author = "Claude Chevaley",
title = "The algebraic theory of spinors",
year = 1956
}

@Article{GiaResSte91,
author = "R.Gianvittorio, A.Restuccia and J.Stephany",
journal = "Mod. Phys. Lett.",
volume = "A6",
pages = "2121",
year = 1991
}

@Unpublished{Sie05,
author = "Warren Siegel",
title = "Conquest of the ghost pyramid of the superstring",
pages = "30",
year = 2005,
}

@Article{ResSte93,
author = "A.Restuccia and J.Stephany",
journal = PL,
volume = 305,
pages =348,
year =1993
}


@Article{Caicedo:1992wv,
     author    = "Caicedo, M. and Lledo, M and Restuccia, A. and Stephany, J.
                  ",
     title     = "On the covariant quantization of Green-Schwarz superstring
                  and  Brink-Schwarz superparticle",
     journal   = "Anales Fis.",
     volume    = "1",
     year      = "1992",
     pages     = "273",
     notes    = "hep-th/0205262",
     SLACcitation  = "%%CITATION = HEP-TH 0205262;%%"
}

@Article{Restuccia:1994mc,
     author    = "Restuccia, A. and Stephany, J.",
     title     = "Canonical covariant formulation of Green-Schwarz
                  superstring without second class constraints",
     journal   = "Phys. Lett.",
     volume    = "B343",
     year      = "1995",
     pages     = "147-152",
     notes    = "hep-th/9405047",
     SLACcitation  = "%%CITATION = HEP-TH 9405047;%%"
}

@Article{Restuccia:1993na,
     author    = "Restuccia, A. and Stephany, J.",
     title     = "Canonical covariant quantization of the Brink-Schwarz
                  superparticle",
     journal   = "Phys. Rev.",
     volume    = "D47",
     year      = "1993",
     pages     = "3437-3442",
     SLACcitation  = "%%CITATION = PHRVA,D47,3437;%%"
}

@Article{Restuccia:1993bf,
     author    = "Restuccia, A. and Stephany, J.",
     title     = "Covariant quantization of Green-Schwarz superstring",
     year      = "1993",
     notes    = "hep-th/9311071",
     SLACcitation  = "%%CITATION = HEP-TH 9311071;%%"
}

@Article{AzkLuk,
author = "J. A. Azkarraga and  J. Lukierski",
journal = PL,
volume = 113,
pages = "170",
year = 1982
}